@article{kumagai1968stress,
  title={The stress concentration factor produced by a projection under tensile load},
  author={Kumagai, Kazuo and Shimada, Heihachi},
  journal={Bulletin of JSME},
  volume={11},
  number={47},
  pages={739--745},
  year={1968},
  publisher={The Japan Society of Mechanical Engineers}
}

@book{hibbeler2017mechanics,
  title={Mechanics of Materials},
  author={Hibbeler, Russell C},
  year={2017},
  edition={10},
  pages={4--106},
  publisher={Pearson Higher Education}
}

@book{pilkey2008peterson,
  title={Peterson's stress concentration factors},
  author={Pilkey, Walter D and Pilkey, Deborah F},
  year={2008},
  edition={3},
  pages={182--183},
  publisher={John Wiley \& Sons}
}

@book{lautrup2004physics,
  title={Physics of continuous matter: exotic and everyday phenomena in the macroscopic world},
  author={Lautrup, Benny},
  edition={2},
  year={2004},
  pages={128--129},
  publisher={CRC Press}
}

@article{howland1930stresses,
  title={On the stresses in the neighbourhood of a circular hole in a strip under tension},
  author={Howland, RCJ},
  journal={Philosophical Transactions of the Royal Society of London. Series A, Containing Papers of a Mathematical or Physical Character},
  volume={229},
  pages={49--86},
  year={1930},
  publisher={JSTOR}
}